% Encoding: UTF-8
@book{Goodfellow-et-al-2016,
    title={Deep Learning},
    author={Ian Goodfellow and Yoshua Bengio and Aaron Courville},
    publisher={MIT Press},
    note={http://www.deeplearningbook.org},
    year={2016}
}

@proceedings{recent-advances-in-deep-learning-for-speech-research-at-microsoft,
author = {Deng, Li and Li, Jinyu and Huang, Jui-Ting and Yao, Kaisheng and Yu, Dong and Seide, Frank and Seltzer, Mike and Zweig, Geoff and He, Xiaodong and Williams, Jason and Gong, Yifan and Acero, Alex},
title = {Recent Advances in Deep Learning for Speech Research at Microsoft},
booktitle = {},
year = {2013},
month = {May},
publisher = {IEEE International Conference on Acoustics, Speech, and Signal Processing (ICASSP)},
url = {https://www.microsoft.com/en-us/research/publication/recent-advances-in-deep-learning-for-speech-research-at-microsoft/},
address = {},
pages = {},
journal = {},
volume = {},
chapter = {},
isbn = {},
}

@inproceedings{Krizhevsky:2012:ICD:2999134.2999257,
 author = {Krizhevsky, Alex and Sutskever, Ilya and Hinton, Geoffrey E.},
 title = {ImageNet Classification with Deep Convolutional Neural Networks},
 booktitle = {Proceedings of the 25th International Conference on Neural Information Processing Systems - Volume 1},
 series = {NIPS'12},
 year = {2012},
 location = {Lake Tahoe, Nevada},
 pages = {1097--1105},
 numpages = {9},
 url = {http://dl.acm.org/citation.cfm?id=2999134.2999257},
 acmid = {2999257},
 publisher = {Curran Associates Inc.},
 address = {USA},
} 

@article{GoGame,
author = {Silver, David and Huang, Aja and Maddison, Christopher and Guez, Arthur and Sifre, Laurent and van den Driessche, George and Schrittwieser, Julian and Antonoglou, Ioannis and Panneershelvam, Veda and Lanctot, Marc and Dieleman, Sander and Grewe, Dominik and Nham, John and Kalchbrenner, Nal and Sutskever, Ilya and Lillicrap, Timothy and Leach, Madeleine and Kavukcuoglu, Koray and Graepel, Thore and Hassabis, Demis},
year = {2016},
month = {01},
pages = {484-489},
title = {Mastering the game of Go with deep neural networks and tree search},
volume = {529},
booktitle = {Nature}
}

@article{DBLP:journals/corr/SungSH15,
  author    = {Wonyong Sung and
               Sungho Shin and
               Kyuyeon Hwang},
  title     = {Resiliency of Deep Neural Networks under Quantization},
  journal   = {CoRR},
  volume    = {abs/1511.06488},
  year      = {2015},
  url       = {http://arxiv.org/abs/1511.06488},
  archivePrefix = {arXiv},
  eprint    = {1511.06488},
  timestamp = {Wed, 07 Jun 2017 14:41:02 +0200},
  biburl    = {https://dblp.org/rec/bib/journals/corr/SungSH15},
  bibsource = {dblp computer science bibliography, https://dblp.org}
}

@Misc{LIRMM,
  author       = {LIRMM},
  title        = {Homepage},
  howpublished = {\url{http://www.lirmm.fr/}},
  url          = {http://www.lirmm.fr/},
}

@Article{7348659, 
  author={Q. Xu and T. Mytkowicz and N. S. Kim}, 
  journal={IEEE Design Test}, 
  title={Approximate Computing: A Survey}, 
  year={2016}, 
  volume={33}, 
  number={1}, 
  pages={8-22}, 
  keywords={digital arithmetic;power aware computing;approximate computing;energy-efficient computing;Approximation methods;Probabilistic logic;Computer languages;Approximate computing;Runtime;Computational modeling;}, 
  doi={10.1109/MDAT.2015.2505723}, 
  ISSN={2168-2356}, 
  month={Feb},
}

@article{SEHD,
  author = {Kumar Chippa, Vinay and Mohapatra, Debabrata and Roy, Kaushik and T. Chakradhar, Srimat and Raghunathan, Anand},
  year = {2014},
  month = {09},
  pages = {2004-2016},
  title = {Scalable Effort Hardware Design},
  volume = {22},
  booktitle = {Very Large Scale Integration (VLSI) Systems, IEEE Transactions on}
}

@article{AxCSurvey,
	author = {Mittal, Sparsh},
	title = {A Survey of Techniques for Approximate Computing},
	journal = {ACM Comput. Surv.},
	issue_date = {May 2016},
	volume = {48},
	number = {4},
	month = mar,
	year = {2016},
	issn = {0360-0300},
	pages = {62:1--62:33},
	articleno = {62},
	numpages = {33},
	url = {http://doi.acm.org/10.1145/2893356},
	doi = {10.1145/2893356},
	acmid = {2893356},
	publisher = {ACM},
	address = {New York, NY, USA},
	keywords = {CPU, FPGA, GPU, Review, approximate computing technique (ACT), approximate storage, classification, neural networks, quality configurability},
} 

@Article{NRDC,
  author  = {Natural Resources Defense Council},
  title   = {Data Center Efficiency Assessment - Scaling Up Energy Efficiency Across the Data Center Industry: Evaluating Key Drivers and Barriers},
  year    = {2014},
}

@INPROCEEDINGS{1322441, 
	author={S. Borkar and T. Karnik and Vivek De}, 
	booktitle={Proceedings. 41st Design Automation Conference, 2004.}, 
	title={Design and reliability challenges in nanometer technologies}, 
	year={2004}, 
	volume={}, 
	number={}, 
	pages={75-75}, 
	keywords={CMOS technology;Microprocessors;Design automation;Frequency;Lithography;Error analysis;Random access memory;Circuit testing;Fault tolerance;Leakage current}, 
	doi={10.1145/996566.996588}, 
	ISSN={0738-100X}, 
	month={July},
}

@INPROCEEDINGS{4408271, 
	author={T. Yeh and P. Faloutsos and M. Ercegovac and S. Patel and G. Reinman}, 
	booktitle={40th Annual IEEE/ACM International Symposium on Microarchitecture (MICRO 2007)}, 
	title={The Art of Deception: Adaptive Precision Reduction for Area Efficient Physics Acceleration}, 
	year={2007}, 
	volume={}, 
	number={}, 
	pages={394-406}, 
	keywords={computer animation;floating point arithmetic;logic design;parallel architectures;physics computing;adaptive precision reduction;area efficient physics acceleration;physics-based animation;interactive entertainment;physics simulation;real-time physics;hierarchical floating-point unit;FPU sharing;parallel architecture;Art;Acceleration;Parallel processing;Animation;Computational modeling;Physics computing;Microarchitecture;Accelerated aging;Computer science;Silicon}, 
	doi={10.1109/MICRO.2007.9}, 
	ISSN={1072-4451}, 
	month={Dec},
}

@Misc{CUDA8,
  author       = {Mark Harris},
  title        = {Mixed-Precision Programming with CUDA 8},
  howpublished = {\url{https://devblogs.nvidia.com/mixed-precision-programming-cuda-8/}},
  month 			 = {oct},
  year				 = {2016},
}

@inproceedings{LoopPerforation,
  author = {Sidiroglou-Douskos, Stelios and Misailovic, Sasa and Hoffmann, Henry and Rinard, Martin},
  title = {Managing Performance vs. Accuracy Trade-offs with Loop Perforation},
  booktitle = {Proceedings of the 19th ACM SIGSOFT Symposium and the 13th European Conference on Foundations of Software Engineering},
  series = {ESEC/FSE '11},
  year = {2011},
  isbn = {978-1-4503-0443-6},
  location = {Szeged, Hungary},
  pages = {124--134},
  numpages = {11},
  url = {http://doi.acm.org/10.1145/2025113.2025133},
  doi = {10.1145/2025113.2025133},
  acmid = {2025133},
  publisher = {ACM},
  address = {New York, NY, USA},
  keywords = {loop perforation, profiling, quality of service},
} 

@article{introAxC,
  author    = {M. Ammar {Ben Khadra}},
  title     = {An introduction to approximate computing},
  journal   = {CoRR},
  volume    = {abs/1711.06115},
  year      = {2017},
  url       = {http://arxiv.org/abs/1711.06115},
  archivePrefix = {arXiv},
  eprint    = {1711.06115},
  timestamp = {Mon, 13 Aug 2018 16:47:22 +0200},
  biburl    = {https://dblp.org/rec/bib/journals/corr/abs-1711-06115},
  bibsource = {dblp computer science bibliography, https://dblp.org}
}

@inproceedings{Akturk2015OnQO,
  title={On Quantification of Accuracy Loss in Approximate Computing},
  author={Ismail Akturk and Karen Khatamifard and Ulya R. Karpuzcu},
  year={2015}
}

@article{Ansel,
  author = {Ansel, Jason and Lok Wong, Yee and Chan, Cy and Olszewski, Marek and Edelman, Alan and Amarasinghe, Saman},
  year = {2010},
  month = {08},
  pages = {},
  title = {Language and compiler support for auto-tuning variable-accuracy algorithms}
}

@article{iideaa,
  author = {Barbareschi, Mario and Mungiello, Innocenzo and Traiola, Marcello and Bosio, Alberto},
  year = {2018},
  month = {01},
  pages = {},
  title = {Automatic Generation of Application-level Approximate Variants}
}

@article{JIT,
 author = {Aycock, John},
 title = {A Brief History of Just-in-time},
 journal = {ACM Comput. Surv.},
 issue_date = {June 2003},
 volume = {35},
 number = {2},
 month = jun,
 year = {2003},
 issn = {0360-0300},
 pages = {97--113},
 numpages = {17},
 url = {http://doi.acm.org/10.1145/857076.857077},
 doi = {10.1145/857076.857077},
 acmid = {857077},
 publisher = {ACM},
 address = {New York, NY, USA},
 keywords = {Just-in-time compilation, dynamic compilation},
}

@article{accept,
  author = {Sampson, Andrian and Baiso, Andre and Ransford, Benjamin and Moreau, Thierry},
  year = {2015},
  month = {01},
  pages = {},
  title = {ACCEPT: A Programmer-Guided Compiler Framework for Practical Approximate Computing}
}

@article{react,
  author = {Wyse, Mark and Sampson, Andrian and Baiso, Andre and Moreau, Thierry and Zorn, Bill and Bornholt, James and Ceze, Luis and Oskin, Mark},
  year = {2015},
  month = {06},
  pages = {},
  title = {REACT: A Framework for Rapid Exploration of Approximate Computing Techniques}
}

@inproceedings{Precimonious,
 author = {Rubio-Gonz\'{a}lez, Cindy and Nguyen, Cuong and Nguyen, Hong Diep and Demmel, James and Kahan, William and Sen, Koushik and Bailey, David H. and Iancu, Costin and Hough, David},
 title = {Precimonious: Tuning Assistant for Floating-point Precision},
 booktitle = {Proceedings of the International Conference on High Performance Computing, Networking, Storage and Analysis},
 series = {SC '13},
 year = {2013},
 isbn = {978-1-4503-2378-9},
 location = {Denver, Colorado},
 pages = {27:1--27:12},
 articleno = {27},
 numpages = {12},
 url = {http://doi.acm.org/10.1145/2503210.2503296},
 doi = {10.1145/2503210.2503296},
 acmid = {2503296},
 publisher = {ACM},
 address = {New York, NY, USA},
 keywords = {delta-debugging algorithm, dynamic program analysis, floating-point arithmetic, mixed precision, program optimization},
} 

@ARTICLE{7755728, 
author={A. Yazdanbakhsh and D. Mahajan and H. Esmaeilzadeh and P. Lotfi-Kamran}, 
journal={IEEE Design Test}, 
title={AxBench: A Multiplatform Benchmark Suite for Approximate Computing}, 
year={2017}, 
volume={34}, 
number={2}, 
pages={60-68}, 
keywords={benchmark testing;graphics processing units;power aware computing;multiplatform benchmark suite;approximate computing;peak power;energy-efficiency issues;consistent benchmark suit;AxBENcH suite;CPU;GPU;hardware design;output quality metrics;Benchmark testing;Robots;Graphics processing units;Approximate computing;Silicon;Measurement;Algorithm design and analysis;Density measurement;GPU;CPU;Hardware Design;Benchmark;Approximate Computing}, 
doi={10.1109/MDAT.2016.2630270}, 
ISSN={2168-2356}, 
month={April},}

@misc{darknet13,
  author =   {Joseph Redmon},
  title =    {Darknet: Open Source Neural Networks in C},
  howpublished = {\url{http://pjreddie.com/darknet/}},
  year = {2013--2016}
}

@misc{fann,
  author =   {Steffen Nissen},
  title =    {Fast Artificial Neural Network},
  howpublished = {\url{http://leenissen.dk/fann/wp/}},
  year = {2013}
}
%----------------------------------------------------------------------------------------------------------------------------------------